% Example of a bib item. Look on Overleaf tutorials for a more indepth breakdown of different references styles.

@article{ref_1, 
	author = {M. Cassotti and D. Ballabio and R. Todeschini and V. Consonni}, 
	title = {QSAR fish toxicity Data Set}, 
	year = {2015}, 
	url = {https://archive.ics.uci.edu/ml/datasets/QSAR+fish+toxicity} 
}, 

